@book{AI1982,
	title={Tratados de l{\'o}gica ({{\'O}}rganon) volumen {I}},
	author={Arist\'oteles},
	volume={51},
	year={1982},
	publisher={Biblioteca Cl\'{a}sica Gredos}
}

@book{AII1988,
	title={Tratados de l{\'o}gica ({{\'O}}rganon) volumen {II}},
	author={Arist\'oteles},
	volume={115},
	year={1988},
	publisher={Biblioteca Cl\'{a}sica Gredos}
}

@book{C1977,
  title={Symbolic logic},
  author={Carroll, Lewis},
  year={1977},
  publisher={Harvester Press}
}

@book{P2010,
  title={Introducci{\'o}n a la l{\'o}gica moderna},
  author={P{\'a}ez, Andr{\'e}s},
  publisher={Ediciones Uniandes},
  year={2010}
}

@book{SH1963,
  title={First course in mathematical logic},
  author={Suppes, Patrick and Hill, Shirley A.},
  year={1963},
  publisher={Editorial Revert\'e, S.A.}
}

@book{UZ2011,
  title={L{\'o}gica, conjuntos y n{\'u}meros},
  author={Uzc{\'a}tegui Aylwin, Carlos},
  publisher={Universidad de los Andes, Consejo de Publicaciones, Colecci{\'o}n: Ciencias B{\'a}sicas, Serie: Matem{\'a}ticas},
  year={2011}
}

@book{UZC2011,
  title={Los n{\'u}meros reales y el infinito},
  author={Uzc{\'a}tegui Aylwin, Carlos},
  publisher={Universidad de los Andes, Consejo de Publicaciones, Colecci{\'o}n: Ciencias B{\'a}sicas, Serie: Matem{\'a}ticas},
  year={2011}
}

@book{P2012,
  title={Fundamentos de matem{\'a}tica avanzada},
  author={Piedra, Ren{\'e}},
  year={2012},
  publisher={Instituto Tecnol{\'o}gico de Santo Domingo}
}

@book{S1979,
  title={Set theory and logic},
  author={Stoll, Robert Roth},
  year={1979},
  publisher={Courier Corporation}
}

@book{Q2009,
  title={Set theory and its logic},
  author={Quine, Willard van O.},
  year={2009},
  publisher={Harvard University Press}
}

@book{B1982,
  title={Handbook of mathematical logic},
  author={Barwise, Jon},
  year={1982},
  publisher={Elsevier}
}

@book{C1997,
  title={Set theory for the working mathematician},
  author={Ciesielski, Krzysztof},
  number={39},
  year={1997},
  publisher={Cambridge University Press}
}

@book{J2003,
  title={Set Theory: {T}he third millennium edition},
  author={Jech, T.},
  year={2003},
  publisher={Springer Monographs in Mathematics. Berlin: Springer}
}

@book{K2014,
  title={Set theory an introduction to independence proofs},
  author={Kunen, Kenneth},
  year={2014},
  publisher={Elsevier}
}

@book{L2015,
  title={A friendly introduction to mathematical logic},
  author={Leary, Christopher C and Kristiansen, Lars},
  year={2015},
  publisher={Upper Saddle River, NJ:Prentice Hall}
}

@book{H2017,
  title={Naive set theory},
  author={Halmos, Paul R.},
  year={2017},
  publisher={Courier Dover Publications}
}

@book{M2004,
  title={L{\'o}gica para principiantes},
  author={Manzano, Mar{\'\i}a and Huertas, Antonia},
  volume={90},
  year={2004},
  publisher={Anaya-Spain}
}

@book{S1972,
  title={Axiomatic set theory},
  author={Suppes, Patrick},
  year={1972},
  publisher={Courier Corporation}
}

@book{E1977,
  title={Elements of set theory},
  author={Enderton, Herbert B.},
  year={1977},
  publisher={Academic press}
}

@book{CCR2016,
  title={Introduction to logic},
  author={Copi, Irving and Cohen, Carl and Rodych, Victor},
  year={2016},
  publisher={Routledge}
}

@book{AFJM2001,
  title={Fundamentos de l{\'o}gica matem{\'a}tica},
  author={Aranda, J. and Fern{\'a}ndez, J. L. and Jim{\'e}nez, J. and Morilla, F.},
  year={2001},
  publisher={Sanz y Torres, Madrid}
}
